4184 6542
1022 694 1059 741 lv

313 841 519 909 Thesaurum
542 864 634 909 sunm
657 843 819 927 syriacum
841 841 1000 909 vocabula
1023 844 1354 928 syropalaestinensia
1382 845 1545 930 recepisse
1572 867 1690 929 eosque
1717 849 1772 929 qui

315 952 391 1032 post
413 949 557 1013 auctoris
579 952 718 1013 mortem
741 948 855 1030 ingens
878 968 959 1032 opus
982 947 1024 1013 ad
1040 947 1137 1012 finem
1152 948 1397 1032 perducendum
1414 948 1583 1027 curabant,
1606 949 1708 1015 libros
1723 951 1774 1015 661

312 1053 499 1134 nuperrime
515 1052 620 1117 editos
636 1052 836 1137 excerpsisse
850 1050 1120 1133 Thesaurumque
1135 1051 1211 1115 hinc
1233 1051 1344 1116 multis
1367 1052 1497 1117 auxisse
1519 1074 1613 1117 nemo
1630 1059 1679 1117 661
1694 1053 1773 1135 quin

313 1153 411 1232 sciat3
434 1154 492 1219 sed
515 1160 548 1219 et
570 1154 610 1220 (16
632 1155 694 1220 hoc
717 1159 856 1242 constat,
877 1154 999 1237 raptim
1022 1153 1099 1229 lere,
1121 1175 1162 1219 ne
1186 1153 1293 1218 dicam
1316 1155 1402 1219 omni
1418 1152 1559 1241 ἀκριβείᾳ
1574 1155 1772 1239 philologica

314 1257 365 1321 vel
387 1258 516 1323 ratione
540 1257 655 1322 critica
676 1257 840 1342 neglecta,
863 1257 897 1321 id
920 1256 1044 1322 factum
1067 1277 1151 1333 esse,
1173 1256 1307 1339 insuper
1328 1256 1500 1321 nonnullas
1522 1279 1616 1323 66666
1639 1280 1771 1342 prorsus

313 1358 458 1423 omissas.

397 1461 450 1526 Ex
472 1463 512 1527 iis
535 1483 664 1546 quoque
687 1483 771 1545 quae
794 1461 837 1527 ad
860 1482 912 1526 res
936 1462 1168 1544 grammaticas
1191 1461 1359 1545 pertinent
1381 1461 1529 1526 codicum
1548 1483 1651 1546 nuper
1666 1463 1773 1527 16666-

315 1570 422 1629 torum
446 1586 506 1649 ope
529 1564 692 1649 permulta
714 1564 828 1629 melius
851 1563 1042 1648 pleniusque
1063 1563 1311 1646 intelleguntur,
1340 1563 1406 1630 alia
1427 1585 1512 1629 nunc
1536 1564 1664 1629 demum
1687 1567 1775 1630 velut

316 1688 356 1732 ex
377 1667 523 1732 tenebris
547 1673 729 1751 emergunt,
757 1667 829 1732 aliis
852 1666 991 1749 denique
1014 1687 1099 1748 quae
1121 1665 1180 1731 Eu.
1203 1667 1307 1732 codex
1328 1666 1363 1731 A
1386 1668 1592 1747 (Vaticanus)
1620 1668 1773 1733 exhibere

313 1768 443 1852 quidem
474 1770 660 1848 videbatur,
692 1769 749 1834 sed
779 1790 818 1834 ea
846 1770 1043 1851 intempesta
1071 1770 1266 1834 correctoris
1294 1769 1368 1853 Syri
1389 1791 1487 1834 manu
1510 1770 1701 1835 oblitterata
1723 1771 1773 1834 661

313 1877 449 1948 mutata,
463 1871 522 1937 Eu.
538 1873 687 1938 codicum
702 1873 809 1938 sinait
824 1873 1005 1937 auctoritas
1027 1870 1125 1936 fidem
1142 1872 1277 1938 addidit.
1315 1872 1411 1958 Quod
1427 1880 1463 1937 ut
1477 1874 1590 1957 paucis
1605 1873 1773 1951 illustrem,

315 1974 440 2041 formae
463 1976 626 2058 quaedam
649 1974 692 2041 ad
714 1976 776 2041 hoc
798 1976 956 2059 temporis
979 1974 1147 2039 rarissime
1169 1973 1282 2039 obuiae
1306 1976 1418 2053 (veluti
1440 1976 1573 2041 verbum
1588 1976 1711 2041 suffixis
1728 1979 1773 2040 in-

315 2084 474 2144 structum
496 2083 530 2143 et
552 2077 714 2158 infinitivi)
737 2078 886 2163 pluribus
910 2076 1167 2162 comprobantur
1190 2078 1359 2163 exemplis3
1383 2079 1423 2144 dc
1446 2075 1529 2178 11166
1544 2102 1641 2163 quam
1655 2087 1774 2146 vocant

315 2168 721 2267 (66161ᾠωεῐξᾎρῼ)
744 2203 829 2247 nunc
852 2181 933 2246 satis
956 2186 1096 2246 constat.
1139 2180 1241 2246 Adde
1263 2181 1403 2264 pluralia
1425 2189 1562 2260 tantum,
1584 2204 1623 2248 ea
1646 2205 1772 2267 quoque

316 2283 358 2348 ab
382 2283 562 2349 editoribus
584 2305 700 2367 parum
721 2284 899 2360 intellecta,
920 2283 1013 2349 velut
1034 2309 1157 2372 μσς,
1172 2283 1365 2370 βλασφημία,
1388 2285 1462 2351 6116.
1505 2286 1557 2350 Ex
1573 2285 1612 2349 iis
1633 2306 1715 2366 quae
1731 2285 1773 2349 ad

316 2387 466 2472 syntaxin
493 2391 645 2471 spectant
666 2387 814 2471 proferre
835 2386 918 2451 libet
940 2384 1021 2450 illud
1044 2393 1106 2452 aa,
1128 2394 1189 2452 aa„
1212 2385 1259 2464 (τὸ
1276 2386 1374 2469 αὐτό),
1396 2389 1483 2471 quod
1504 2388 1593 2471 alibi,
1616 2393 1773 2470 quantum

318 2489 395 2567 scio,
417 2510 576 2572 nusquam
599 2489 751 2553 occurrit
794 2488 909 2556 Verba
930 2487 1039 2553 facere
1062 2487 1136 2553 nolo
1161 2488 1200 2554 de
1223 2489 1478 2574 orthographiae
1499 2492 1659 2556 varietate
1686 2491 1774 2573 quali

314 2591 514 2657 Iudaeorum
536 2592 613 2657 libri
635 2598 779 2671 utuntur,
801 2614 862 2658 nec
884 2593 996 2678 placet
1015 2593 1163 2678 pluribus
1187 2595 1345 2661 disserere
1361 2596 1401 2660 de
1416 2596 1456 2659 iis
1472 2593 1583 2659 formis
1599 2615 1681 2676 quae
1697 2615 1773 2657 num

313 2701 405 2760 recte
427 2716 447 2760 6
466 2694 611 2760 librariis
634 2702 790 2761 exaratae
813 2695 950 2761 6161661
972 2717 992 2760 6
1014 2696 1198 2780 legentibus
1222 2705 1379 2783 exceptae
1396 2696 1541 2762 dubitari
1556 2702 1663 2778 queat,
1686 2696 1773 2759 66161

316 2797 358 2863 de
380 2804 420 2863 st.
443 2798 512 2864 abs.
535 2797 578 2883 pl.
600 2821 640 2863 m.
663 2800 697 2864 in
719 2838 775 2861 υ-
798 2799 966 2864 (166166616
990 2799 1042 2876 (cf.
1065 2823 1095 2885 p.
1119 2802 1191 2878 17b,
1215 2804 1299 2883 666,
1324 2802 1408 2877 1401,
1432 2804 1494 2881 10).

399 2900 546 2966 Maximo
569 2923 667 2985 opere
690 2901 725 2967 id
748 2901 799 2984 egi
821 2908 858 2967 ut
879 2922 974 2966 66666
994 2923 1208 2986 proponerem
1224 2925 1321 2985 quam
1337 2901 1522 2986 plenissime
1538 2907 1636 2983 atque
1652 2901 1772 2965 formas

315 3003 459 3087 singulas
487 3003 573 3086 quod
603 3003 671 3068 eius
693 3003 765 3069 fieri
787 3011 900 3088 posset
926 3004 1133 3071 illustrarem.
1178 3008 1228 3072 At
1250 3006 1379 3071 codices
1401 3027 1500 3070 manu
1523 3007 1663 3088 scriptos
1687 3027 1773 3070 erro-

314 3106 406 3171 ribus
428 3107 578 3189 vitiisqne
601 3107 739 3171 cuiusvis
763 3109 892 3192 generis
915 3108 1053 3173 refertos
1076 3129 1147 3173 esse
1171 3113 1204 3172 et
1226 3107 1368 3173 editores
1383 3107 1471 3173 baud
1486 3109 1534 3173 ita
1549 3107 1660 3171 felices
1676 3107 1774 3170 luisse

314 3209 346 3274 in
369 3209 434 3274 illis
458 3209 693 3292 cognoscendis
716 3209 863 3275 delendis
886 3211 1115 3288 emendandiS,
1138 3210 1298 3276 neminem
1321 3211 1404 3293 fugit
1426 3212 1481 3292 qui
1505 3211 1636 3293 quidem
1658 3210 1773 3273 Irarum

314 3334 424 3378 rerum
452 3311 587 3377 idoneus
616 3318 666 3378 est
693 3312 906 3379 existimator.
952 3313 1122 3390 Nonnulli,
1147 3319 1185 3378 ut
1213 3312 1289 3377 libri
1316 3313 1520 3396 palimpsesti
1542 3334 1563 3376 a
1584 3312 1653 3375 viro
1677 3311 1773 3375 docto

316 3422 350 3481 61
365 3415 575 3499 sagacissimo
589 3415 624 3480 J.
640 3414 677 3479 P.
693 3415 736 3480 N.
751 3415 848 3480 Laud
865 3415 954 3492 editi,
977 3437 1129 3498 magnam
1143 3421 1272 3501 partem
1288 3437 1421 3498 prorsus
1436 3414 1523 3479 foedi
1539 3420 1621 3480 sunt
1654 3414 1774 3498 Quam-

316 3539 413 3602 quam
440 3517 620 3583 cavendum
648 3525 706 3595 est,
733 3538 773 3583 66
796 3518 880 3583 16616
904 3519 1046 3601 iniquius
1071 3518 1111 3583 de
1136 3518 1284 3583 codicum
1305 3516 1371 3582 fide
1394 3523 1530 3582 statuas.
1575 3516 1657 3602 Quis
1681 3518 1774 3595 enim,

315 3625 352 3685 ut
366 3620 430 3685 hoo
443 3642 508 3685 uno
525 3618 673 3702 exemplo
689 3619 856 3702 defungar,
872 3622 1055 3685 universam
1072 3620 1207 3686 dialecti
1220 3620 1381 3685 rationem
1396 3620 1492 3686 hodie
1508 3621 1557 3684 ita
1568 3626 1774 3704 perspectam

315 3722 425 3801 habet,
447 3727 485 3787 61
506 3722 548 3787 de
569 3721 682 3787 formis
705 3746 813 3791 eus>
837 3728 870 3787 et
892 3742 1000 3785 assu
1022 3725 1122 3788 certis
1145 3725 1344 3805 argumentis
1360 3724 1404 3787 sit
1418 3721 1641 3787 iudicaturus?
1678 3722 1773 3785 Licet

318 3825 402 3891 enim
431 3832 616 3909 promptum
647 3826 691 3889 sit
718 3825 890 3908 suspicari,
920 3827 985 3891 6166
1012 3827 1098 3892 hanc
1126 3826 1191 3891 sive
1218 3825 1308 3890 illam
1331 3825 1506 3890 scribentis
1529 3845 1639 3889 errore
1662 3831 1773 3887 natam

316 3948 402 4005 esse,
431 3933 541 3992 tamen
563 3932 703 4008 utraque
726 3927 867 4009 speciem
889 3949 970 4011 prae
992 3936 1027 3992 se
1050 3929 1114 3994 fert
1137 3930 1274 4012 genuine
1298 3948 1498 4005 aramaeam;
1519 3947 1616 4008 quam
1640 3927 1680 3991 ob
1705 3948 1774 3989 rem

316 4037 353 4095 ut
370 4031 507 4096 alteram
529 4035 659 4094 uteram
681 4029 936 4112 reprobarem'a
958 4052 1009 4095 me
1032 4051 1096 4096 non
1118 4030 1210 4114 potui
1232 4031 1419 4114 impetrare.
1452 4029 1577 4096 Verum
1600 4029 1774 4093 asteriscos

315 4133 509 4214 notulasque
537 4130 670 4196 criticas
691 4130 786 4213 larga
807 4153 906 4196 manu
928 4134 1065 4217 apposui
1094 4155 1155 4199 666
1177 4154 1297 4217 parcus
1318 4133 1365 4199 fui
1388 4132 1591 4198 coniecturis.
1636 4132 1775 4196 Praeter

315 4235 399 4300 baec
423 4233 535 4299 sedulo
558 4233 781 4315 anquirendac
804 4240 899 4300 erant
920 4256 1015 4300 voces
1039 4256 1079 4300 ex
1094 4236 1250 4320 Syrorum
1272 4255 1419 4301 sermone
1442 4240 1639 4316 assumptae,
1663 4234 1775 4314 quales

319 4338 417 4402 etiam
433 4337 467 4401 16
488 4335 591 4401 libros
613 4337 807 4401 vetustiores
830 4338 1041 4422 irrepserunt
1077 4336 1183 4404 Porro
1199 4360 1272 4405 cum
1294 4358 1398 4422 neque
1422 4336 1673 4401 concordantias
1697 4357 1776 4418 quas

315 4446 433 4505 666661
456 4437 616 4504 conficere
630 4439 710 4504 mihi
725 4439 758 4503 in
773 4442 942 4524 proposito
959 4446 1045 4506 esset
1058 4462 1163 4524 neque
1179 4447 1283 4507 artem
1299 4439 1546 4525 grammaticam
1561 4440 1776 4516 conscribere,

317 4542 439 4607 formas
475 4541 605 4624 quidem
632 4543 776 4626 potiores
799 4544 925 4627 prolixe
951 4545 1062 4621 attuli,
1094 4545 1134 4609 de
1157 4543 1338 4610 rarioribus
1362 4542 1535 4625 diligenter
1557 4543 1718 4618 admonui,
1742 4548 1778 4605 at

316 4645 426 4711 omnia
440 4644 633 4728 singillatim
647 4666 841 4728 percensere
855 4668 920 4712 non
934 4668 1042 4712 meum
1057 4648 1177 4731 putavi.
1215 4646 1462 4714 Grammaticae
1477 4651 1528 4710 est
1543 4645 1777 4720 demonstrare,

319 4748 491 4814 verborum
514 4769 562 4832 pr.
585 4757 607 4811 a
630 4753 664 4812 61
685 4747 857 4814 verborum
880 4771 928 4833 pr.
950 4759 960 4794 ³
981 4750 1175 4835 imperfecta
1200 4751 1255 4816 Pe.
1278 4754 1345 4813 tam
1367 4754 1405 4812 ut
1426 4773 1504 4837 2²⁹»
1526 4773 1600 4826 m.
1623 4769 1719 4830 quam
1741 4754 1777 4810 ut

317 4876 401 4939 sep,
420 4877 486 4928 ‚u-
508 4850 653 4927 formari,
677 4857 709 4915 61
732 4872 817 4933 quae
840 4859 915 4916 sunt
936 4852 1030 4918 buius
1046 4853 1135 4918 modi
1152 4858 1271 4918 cetera.
1308 4851 1489 4919 Vocabulis
1504 4849 1776 4916 usitatissimis

319 4954 583 5037 aliquammultos
609 4953 698 5019 locos
727 4954 904 5039 adscripsi,
929 4954 1158 5020 rarioribus
1185 4959 1219 5019 et
1246 4975 1328 5037 quae
1355 4955 1488 5020 maioris
1519 4960 1596 5018 sunt
1623 4952 1778 5015 momenti

318 5077 429 5123 omnes
451 5056 547 5122 hodie
570 5056 690 5122 obvios.
734 5055 775 5121 In
797 5079 834 5122 re
857 5058 1040 5142 syntactica
1063 5057 1097 5123 id
1121 5077 1248 5140 semper
1271 5056 1508 5141 respiciendum
1532 5059 1590 5130 est,
1612 5053 1777 5118 universas

318 5161 503 5226 litterarum
525 5158 664 5243 syropal.
698 5160 854 5243 reliquias
883 5182 923 5226 ex
949 5160 1042 5225 libris
1071 5160 1198 5243 graecis
1225 5180 1336 5224 versas
1364 5180 1434 5224 6666
1461 5162 1559 5239 atque
1581 5157 1778 5240 interpretes

321 5263 500 5345 (vernaculi
529 5263 660 5346 quidem
692 5264 849 5331 sermonis
880 5286 921 5330 66
951 5264 985 5329 16
1015 5263 1160 5328 61661116
1191 5262 1322 5346 quidem
1348 5264 1446 5347 plane
1468 5259 1601 5340 oblitos,
1633 5259 1672 5325 cf.
1701 5281 1728 5324 e.
1751 5281 1779 5342 g.
