4184 6542
937 1655 988 1739 L.
1021 1656 1071 1740 B.
1106 1655 1146 1742 S.

398 1912 603 1980 Decenuium
624 1912 691 1976 iam
713 1909 895 1976 confectum
918 1917 978 1988 est,
1000 1933 1039 1977 ex
1063 1933 1125 1995 quo
1140 1911 1178 1977 F.
1195 1911 1356 1996 Schwally
1373 1911 1519 1977 libellum
1536 1912 1640 1978 edidit
1655 1913 1707 1978 cui
1721 1913 1769 1978 in·

313 2015 469 2082 scribitur
491 2014 671 2092 „Idioticon
696 2013 754 2078 des
781 2013 1222 2099 christlioh-pallistiuischen
1243 2013 1468 2080 Aramttisch‘t
1513 2012 1586 2099 Quo
1612 2015 1768 2100 temporis

312 2119 420 2203 spatio
451 2122 520 2182 tam
550 2116 654 2182 multa
684 2116 728 2181 ad
756 2116 842 2182 hanc
872 2117 1050 2183 dialectum
1080 2116 1278 2202 pertinentia
1304 2117 1514 2183 innotuerunt
1544 2119 1609 2183 sive
1637 2119 1769 2184 interim

313 2223 405 2288 edita
427 2221 493 2285 sive
515 2219 649 2296 inedita,
672 2223 709 2283 ut
730 2218 831 2302 siquis
852 2241 970 2285 novum
991 2221 1121 2286 lexicon
1136 2220 1319 2304 susceperit
1334 2220 1547 2299 condendum,
1569 2221 1646 2286 viris
1662 2221 1769 2287 doctis

314 2347 385 2391 eum
409 2330 539 2406 gratum
561 2322 726 2387 facturum
748 2343 818 2387 esse
841 2343 915 2406 spes
938 2323 990 2401 sit
1018 2344 1056 2390 eo
1086 2323 1190 2406 magis
1213 2344 1287 2389 cum
1308 2323 1385 2389 libri
1412 2323 1498 2389 illius
1521 2329 1637 2390 auctor
1658 2324 1769 2389 nescio

312 2449 378 2511 qua
397 2427 527 2492 ratione
550 2425 667 2491 ductus
689 2445 759 2490 rem
780 2425 828 2490 ita
851 2425 1040 2504 instituerit,
1061 2431 1100 2491 ut
1121 2447 1177 2492 eas
1199 2431 1328 2492 tantum
1350 2447 1444 2492 voces
1466 2428 1630 2511 reciperet
1652 2426 1768 2510 quibus

312 2536 426 2597 nostra
449 2528 610 2594 dialectos
633 2549 653 2592 a
675 2527 804 2612 syriaca
827 2528 985 2594 edessena
1007 2530 1182 2614 discrepat,
1209 2550 1320 2595 omnes
1343 2550 1419 2595 vero
1442 2529 1628 2595 excluderet
1652 2529 1768 2612 quibus

313 2638 348 2699 et
370 2654 443 2698 cnm
466 2631 624 2696 edessena
638 2629 696 2695 illa
712 2636 745 2696 et
761 2651 833 2696 cum
849 2630 1000 2697 dialectis
1014 2632 1139 2698 iudaeis
1156 2633 1327 2699 consentit.
1365 2630 1570 2716 Quamquam
1584 2638 1622 2696 ut
1637 2637 1769 2698 nostrae

313 2736 432 2820 ἰδιότης
459 2755 535 2800 vere
565 2733 749 2817 patefieret,
775 2732 1150 2818 iudaeopalaestinenses
1176 2737 1285 2820 potius
1307 2735 1341 2800 in
1364 2735 1637 2820 comparationem
1659 2735 1769 2800 vocari

314 2841 497 2906 debuerunt
526 2858 623 2921 quam
651 2836 815 2902 edessena
859 2836 1003 2903 Accedit
1028 2838 1116 2921 quod
1144 2844 1258 2903 nostra
1284 2837 1372 2903 haud
1397 2838 1502 2903 minus
1525 2838 1663 2903 interest
1685 2837 1770 2903 scire

313 2942 431 3027 quibus
452 2941 551 3007 rebus
574 2939 763 3023 conspirent
786 2939 919 3006 dialecti
941 2962 1038 3024 quam
1061 2941 1179 3024 quibus
1202 2941 1396 3025 discrepent.
1438 2940 1559 3007 Athis
1585 2940 1701 3005 studiis
1727 2940 1770 3006 ad

312 3048 376 3113 hoc
391 3044 547 3128 temporis
570 3043 699 3109 omnino
720 3064 787 3108 non
807 3048 936 3110 tantum
958 3044 1164 3129 profecimus,
1185 3050 1222 3109 ut
1243 3045 1308 3109 iam
1332 3043 1373 3109 de
1394 3044 1542 3128 perfecto
1558 3042 1770 3126 omnibusque

312 3149 458 3215 numeris
486 3145 637 3212 absoluto
662 3146 767 3212 lexico
794 3168 948 3213 aramaeo
970 3147 1112 3230 cogitari
1134 3146 1248 3212 liceat:
1275 3147 1439 3231 permulta
1461 3153 1557 3211 erunt
1578 3151 1676 3211 antea
1697 3167 1769 3230 per·

313 3250 493 3319 scrutanda
519 3248 702 3332 colligenda
724 3248 864 3328 edenda,
890 3271 988 3333 quam
1009 3248 1131 3316 fiducia
1153 3250 1264 3332 aliqua
1287 3248 1370 3315 effici
1392 3251 1521 3335 poterit,
1544 3271 1704 3332 quaenam
1727 3251 1771 3315 sit

313 3355 400 3421 ratio
422 3359 570 3420 nostram
592 3352 678 3417 inter
700 3358 892 3434 ceterasque
914 3351 1082 3421 dialectos.
1128 3352 1238 3438 Quare
1260 3352 1350 3418 hisce
1372 3353 1406 3418 in
1427 3353 1526 3418 rebus
1548 3358 1660 3418 notum
1688 3353 1769 3418 illud

313 3457 452 3536 ‚destina
473 3457 578 3522 lente‘
601 3456 740 3520 maxime
763 3460 914 3520 teneatur
937 3461 1082 3539 oportet,
1109 3456 1143 3520 id
1166 3456 1253 3540 quod
1274 3457 1308 3521 in
1330 3457 1393 3521 hac
1415 3477 1542 3539 quoque
1565 3456 1770 3541 praelatione

313 3560 509 3627 monendum
538 3558 629 3635 duxi,
656 3579 729 3623 cnm
758 3558 861 3623 virum
887 3559 1050 3640 quendam
1079 3559 1211 3625 doctum
1241 3559 1345 3642 deque
1373 3558 1617 3642 lexicographia
1644 3579 1770 3624 necnon

313 3663 529 3748 grammatica
550 3660 903 3746 iudaeopalaestinensi
924 3660 1007 3726 bene
1026 3662 1178 3728 meritum
1192 3663 1226 3728 in
1242 3683 1386 3728 errorem
1400 3662 1578 3728 notabilem
1593 3661 1770 3728 abductum

314 3788 386 3833 esse
404 3765 646 3831 observassem.
692 3762 757 3850 Qui
787 3785 860 3829 cnm
888 3763 1048 3831 dialectos
1070 3766 1167 3831 lexici
1193 3765 1397 3849 potissimum
1419 3765 1545 3831 ratione
1567 3764 1683 3831 habita
1706 3765 1770 3830 dis·

314 3889 449 3936 cernere
470 3889 574 3953 nuper
596 3872 733 3933 conatus
754 3875 848 3945 esset,
871 3888 909 3933 eo
924 3869 1074 3951 pervenit
1087 3874 1124 3932 ut
1138 3874 1285 3934 nostram
1300 3867 1477 3933 dialectum
1492 3867 1651 3951 galilaeae
1666 3867 1769 3950 magis

313 3994 412 4056 quam
433 3971 572 4036 iudaeae
595 3969 726 4036 affinem
749 3991 819 4035 esse
838 3970 1026 4035 statueret*
1061 3970 1102 4034 In
1117 3992 1213 4052 quem
1229 3992 1373 4036 errorem
1388 3970 1595 4035 manifestum
1610 3969 1664 4035 ille
1681 3976 1771 4037 certe

313 4097 379 4141 non
401 4073 580 4151 incidisset,
602 4073 664 4138 nisi
687 4073 727 4138 de
742 4094 779 4138 re
794 4072 969 4139 admodum
984 4073 1139 4139 abstrusa
1158 4074 1314 4139 iudicium
1328 4074 1414 4139 ferre
1428 4073 1590 4150 voluisset,
1614 4094 1686 4137 oum
1702 4073 1770 4139 dia-

312 4179 475 4244 lectorum
505 4177 664 4260 reliquiae
691 4198 789 4259 quam
815 4175 1003 4261 plenissime
1032 4182 1066 4241 et
1095 4177 1341 4242 accuratissime
1370 4182 1481 4262 potest
1508 4176 1540 4240 in
1568 4176 1645 4241 iusti
1675 4175 1770 4241 lexici

313 4282 453 4347 formam
475 4278 618 4345 nondum
641 4285 749 4344 essent
770 4279 936 4344 redactae.
972 4277 1006 4343 N
1009 4299 1062 4343 am
1085 4283 1118 4343 et
1140 4277 1282 4343 studium
1304 4279 1435 4363 linguae
1458 4280 1678 4344 samaritanae
1694 4280 1771 4345 inde

313 4405 335 4449 a
351 4382 486 4466 Geigeri
507 4381 696 4466 Kohniiqne
727 4381 951 4447 conaminibus
973 4380 1043 4447 fere
1066 4381 1250 4465 neglectum
1272 4381 1367 4459 iacet,
1389 4403 1449 4448 nec
1472 4382 1643 4465 quisquam
1666 4381 1770 4448 denuo

314 4486 476 4553 suscitare
505 4492 538 4551 et
567 4484 610 4550 ad
636 4485 717 4551 artis
744 4484 960 4568 philologicae
990 4484 1095 4567 qualis
1124 4483 1220 4549 hodie
1246 4490 1296 4550 est
1326 4506 1473 4550 normam
1504 4505 1693 4570 promovere
1724 4486 1770 4549 in·

315 4589 432 4655 stituit

402 4689 495 4776 Quae
517 4711 591 4754 cum
612 4689 661 4754 ita
682 4689 748 4754 sint
771 4688 812 4754 de
833 4690 928 4755 huius
950 4691 1014 4755 mei
1037 4691 1145 4774 operis
1167 4690 1311 4756 utilitate
1333 4690 1531 4774 philologica
1552 4690 1604 4754 vix
1620 4691 1771 4774 estquod

314 4795 431 4871 dicem,
454 4813 550 4878 spero
572 4798 683 4858 tamen
705 4792 804 4857 etiam
826 4792 994 4876 theologos
1018 4814 1056 4859 eo
1078 4815 1203 4871 usuros,
1224 4794 1344 4877 quippe
1366 4793 1483 4875 quibus
1498 4792 1641 4858 studium
1656 4794 1770 4859 harum

313 4918 425 4964 rerum
450 4896 485 4961 in
511 4901 668 4961 accurata
694 4894 853 4961 librorum
875 4917 1055 4972 sacrorum,
1083 4897 1243 4981 imprimis
1267 4896 1506 4979 evangeliorum
1529 4897 1771 4981 synopticorum

313 5000 587 5084 interpretatione
615 4999 658 5064 ad
685 4999 881 5082 scriptorum
911 5000 1091 5065 sententias
1113 5000 1209 5084 plene
1237 4998 1466 5084 percipiendas
1493 5020 1557 5065 non
1583 4999 1679 5065 modo
1706 5022 1771 5065 non

314 5101 526 5187 superfluum,
566 5103 664 5168 immo
705 5102 802 5186 plane
844 5103 1064 5168 necessarium
1102 5104 1153 5168 sit.
1207 5103 1318 5188 Payne
1356 5102 1531 5170 Smithium
1571 5103 1702 5186 quidem
1737 5104 1771 5167 in

401 5325 416 5358 *
434 5322 468 5379 G.
486 5324 614 5389 numan,
633 5324 806 5378 Grammatilr
824 5324 872 5378 dee
887 5324 1139 5395 jiidischpaldstin.
1175 5323 1348 5389 hamidiech,
1367 5326 1441 5390 1894,
1459 5343 1487 5396 p.
1505 5325 1538 5379 38
1556 5343 1596 5394 eq.
