4184 6542
1030 814 1054 858 V
1093 836 1095 840 .

312 990 415 1047 um,
442 975 514 1036 lae·
550 964 688 1031 πετεινὸν
720 965 870 1052 πτερητόν
893 965 975 1034 Gen.
999 969 1075 1043 121,
1104 965 1159 1048 al.)
1191 966 1292 1032 rerba
1319 986 1438 1049 gruem
1465 969 1534 1030 tam
1561 964 1711 1030 servilem
1737 964 1771 1028 in

312 1070 446 1135 modum
474 1070 566 1153 sequi
596 1070 813 1147 consuevisse,
841 1076 879 1134 ut
904 1068 1051 1152 quisquis
1076 1067 1158 1152 legit
1185 1069 1383 1136 creberrime
1406 1090 1526 1153 graeca
1549 1067 1652 1151 magis
1675 1088 1773 1150 quam

315 1194 470 1238 aramaea
496 1173 559 1238 sibi
586 1173 628 1239 ob
659 1172 770 1238 oculos
796 1173 921 1238 versari
948 1173 1107 1256 opinetrua
1158 1172 1212 1237 En
1238 1173 1327 1237 istud
1356 1182 1435 1258 ,Aa
1467 1195 1555 1233 um
1586 1168 1774 1256 συμβούλιον

314 1273 431 1361 ἔλαβον
446 1275 508 1340 Mt.
523 1280 617 1354 2215,
640 1276 702 1358 al),
730 1304 805 1338 m
828 1275 901 1362 ἦρεν
927 1273 1001 1355 (Mt.
1024 1279 1118 1355 2430,
1140 1274 1205 1358 al),
1227 1281 1264 1341 ut
1285 1281 1415 1341 taceam
1436 1274 1606 1359 illepidum
1627 1273 1709 1338 illud
1725 1274 1775 1343 aar

315 1382 377 1456 μὴ
399 1378 470 1442 εἷπε
493 1379 592 1463 λέγων
615 1378 688 1456 (Ex.
711 1383 773 1443 101
799 1377 864 1460 ah).

402 1480 577 1547 Nonnullis
603 1481 735 1547 vocibus
763 1482 885 1547 formas
914 1480 1091 1546 secundnm
1117 1480 1315 1547 Iudaeorum
1342 1480 1535 1566 Syrorumve
1562 1479 1775 1545 traditionem

314 1583 483 1648 vocalibus
506 1584 692 1662 instructas,
715 1583 765 1649 vel
787 1583 870 1648 adeo
894 1583 1046 1649 arabicas
1070 1584 1193 1661 addidi,
1216 1605 1288 1648 cnm
1310 1604 1351 1648 ne
1367 1584 1446 1665 quid
1467 1585 1500 1648 in
1516 1605 1551 1647 re
1568 1583 1684 1647 critica
1698 1603 1775 1665 neg·

314 1685 434 1751 lexisse
456 1687 591 1765 viderer,
614 1693 683 1751 tum
704 1693 741 1751 ut
763 1687 917 1769 legentes,
939 1686 996 1751 nbi
1020 1687 1217 1752 dubitationi
1239 1685 1329 1751 locus
1352 1691 1446 1763 esset,
1470 1685 1510 1750 de
1526 1706 1598 1751 mea
1614 1685 1776 1750 sententia

317 1790 477 1856 certiores
498 1791 651 1857 facerem.
689 1790 786 1876 Quod
808 1798 918 1855 tamen
940 1790 1040 1855 nolim
1061 1790 1111 1855 ita
1132 1790 1240 1873 accipi
1262 1793 1429 1871 tamqnam
1452 1787 1600 1854 dialectis
1616 1788 1776 1854 aramaeis

316 1894 406 1957 inter
427 1915 462 1958 se
485 1894 715 1978 comparandis
738 1894 851 1959 dedita
873 1915 975 1977 opera
996 1893 1153 1958 inservire
1175 1892 1360 1970 voluissem3
1386 1892 1483 1956 immo
1511 1890 1641 1955 disertis
1670 1888 1776 1955 verbis

317 2002 468 2079 repetam
504 2018 556 2061 me
583 1997 644 2062 hoc
674 1997 822 2063 consulto
850 1996 1046 2073 declinasse,
1076 1995 1116 2060 cl.
1140 1994 1277 2062 ZDMG
1300 1996 1350 2071 55,
1372 2011 1431 2058 aar.
1474 1992 1543 2059 Ubi
1564 1993 1635 2058 fieri
1662 1993 1777 2075 potnit,

318 2097 363 2163 ad
391 2098 564 2183 Schwallyi
594 2098 759 2165 Idioticon
785 2098 931 2182 legentes
960 2098 1084 2175 remisi,
1111 2098 1144 2161 in
1172 2097 1298 2180 graecis
1325 2098 1368 2162 ad
1395 2103 1518 2162 tomum
1540 2095 1680 2161 alterum
1701 2094 1779 2159 libri

318 2222 340 2265 a
363 2201 515 2268 Samuele
538 2200 669 2266 Krauss
692 2201 837 2283 quamvis
859 2202 962 2265 inuita
985 2200 1136 2266 Minerva
1158 2200 1344 2285 conscripti,
1372 2199 1530 2265 librorum
1553 2205 1663 2265 tamen
1686 2198 1777 2263 adhi-

318 2303 463 2368 bitorum
498 2308 532 2369 et
566 2304 774 2369 laudatorum
805 2305 901 2388 copia
927 2303 1093 2388 perutilis,
1124 2305 1256 2387 insuper
1284 2325 1304 2367 a
1332 2302 1400 2367 viro
1428 2302 1617 2368 doctissimo
1639 2301 1672 2364 Ι.
1697 2299 1779 2365 de

320 2406 497 2490 diligenter
520 2407 684 2490 castigati.

406 2509 454 2574 Ut
483 2510 614 2575 nomina
639 2510 774 2593 propria
799 2510 980 2593 reciperem
1007 2509 1093 2573 ratio
1119 2507 1302 2591 flagitabat.
1346 2506 1433 2572 Nam
1455 2507 1572 2572 harum
1594 2507 1778 2570 litterarum

319 2612 479 2694 reliquiae
502 2611 675 2678 admodum
699 2612 834 2694 exiguae
857 2611 965 2693 quoad
990 2611 1061 2676 lieri
1084 2618 1215 2694 poterat
1240 2611 1302 2675 hoc
1330 2631 1427 2693 opere
1454 2608 1659 2693 colligendae
1686 2613 1780 2673 erant

319 2714 481 2798 integrae3
513 2719 658 2779 ceterum
685 2733 790 2796 neque
818 2712 1027 2778 iniucundum
1056 2714 1119 2778 erit
1143 2734 1248 2796 neque
1275 2713 1390 2777 inutile
1418 2713 1590 2777 ohservare
1620 2711 1779 2794 quomodo

320 2816 505 2881 huiusmodi
527 2818 659 2882 nomina
681 2817 802 2899 partim
826 2817 974 2880 semitica
996 2817 1117 2898 partim
1133 2837 1251 2898 graeca
1267 2815 1316 2881 vel
1332 2816 1570 2898 graecissantia
1584 2816 1780 2898 interpretes

320 2917 534 2984 reddiderint.

407 3020 531 3086 Literis
552 3020 656 3086 ABG
683 3021 908 3104 Evangeliarii
936 3021 1067 3086 codices
1094 3020 1166 3086 illos
1196 3027 1263 3085 tres
1287 3021 1423 3100 (Vatia,
1446 3021 1544 3087 Sin.¹·
1558 3023 1589 3102 ²)
1620 3020 1779 3103 insignivi,

319 3128 451 3189 secutus
484 3124 518 3189 in
552 3125 615 3189 hac
652 3145 687 3188 re
711 3124 863 3200 editores,
887 3125 985 3189 litera
1007 3124 1041 3189 D
1065 3124 1209 3188 eiusdem
1231 3123 1289 3188 Er.
1312 3125 1460 3190 codicem
1482 3124 1572 3189 illum
1596 3123 1781 3188 sinaiticum

321 3226 363 3291 de
392 3248 455 3309 quo
484 3226 627 3292 editores
657 3226 690 3290 in
719 3227 901 3309 appendice
928 3234 972 3310 (p.
995 3230 1059 3291 314
1080 3234 1165 3310 sqq.)
1192 3227 1405 3307 rettule1·unt;
1435 3227 1539 3293 literis
1567 3224 1692 3291 A1A²
1719 3230 1779 3290 etc.

320 3328 542 3411 Evangeliarii
565 3328 736 3412 pericopas
760 3350 844 3410 quae
867 3329 992 3394 duobus
1014 3328 1095 3395 locis
1117 3329 1167 3395 vel
1190 3331 1295 3395 tribus
1318 3331 1368 3396 vel
1392 3331 1489 3396 etiam
1504 3329 1651 3414 pluribus
1668 3334 1781 3394 extant

319 3431 498 3496 secundum
526 3431 688 3507 ordinem,
719 3433 754 3496 in
785 3453 879 3514 quem
906 3431 1061 3515 Lagarde
1093 3453 1148 3497 eas
1179 3434 1307 3514 redegit
1335 3434 1485 3517 typisque
1513 3433 1649 3516 exprimi
1679 3432 1781 3496 iussit.

321 3533 480 3599 Similiter
500 3554 554 3598 res
577 3554 611 3598 se
633 3534 736 3599 habet
762 3535 794 3598 in
818 3531 955 3599 Anecd.¹
984 3542 1044 3600 etc.
1092 3535 1299 3617 Ubicumque
1325 3536 1500 3620 pericopae
1528 3534 1675 3618 pluribus
1700 3533 1783 3600 locis

318 3635 464 3701 traditae
487 3637 700 3714 consentiunt,
722 3638 843 3701 nudum
865 3636 972 3703 locum
994 3636 1163 3721 adscripsi.
1207 3638 1260 3703 Ea
1282 3660 1365 3722 quae
1387 3638 1421 3704 J.
1435 3639 1474 3703 F.
1498 3638 1657 3720 Stenning
1679 3637 1739 3702 Ox.
1763 3641 1781 3702 9

317 3737 511 3822 fragmentis
533 3760 554 3804 a
577 3738 773 3806 Gwilliamio
796 3739 893 3804 oditis
917 3740 991 3822 (Ox.
1016 3743 1047 3822 b)
1077 3741 1208 3806 addidit
1236 3747 1350 3806 tacens
1380 3741 1531 3820 adhibui,
1559 3760 1664 3824 neque
1687 3741 1784 3805 aliter

319 3861 371 3919 ea,
393 3863 476 3924 qnae
498 3842 533 3905 in
555 3840 648 3907 Stud.
664 3841 731 3908 Sin.
756 3845 826 3919 1,ee
849 3863 919 3925 sqq.
941 3841 1102 3923 leguntur.

406 3942 566 4010 Codicum
587 3965 685 4008 manu
707 3945 916 4027 scriptorum,
937 3966 1090 4027 magnam
1112 3953 1242 4029 partem
1269 3946 1567 4032 palimpsestorum,
1596 3946 1783 4029 fragmenta

319 4050 399 4111 ante
440 4046 499 4112 hos
541 4053 609 4113 tres
650 4068 752 4111 annos
796 4069 817 4111 a
852 4048 920 4111 viro
964 4047 1060 4111 docto
1102 4046 1245 4130 mihique
1289 4050 1486 4115 amicissimo
1529 4050 1647 4114 Bruno
1688 4049 1782 4113 Violet

320 4147 528 4216 Berohnensi
563 4151 598 4214 in
633 4149 872 4235 Omajjidarum
908 4150 1061 4213 moschea
1101 4150 1258 4216 Damasci
1292 4159 1440 4236 reperta,
1479 4153 1539 4217 hoc
1573 4156 1720 4234 tempore
1748 4150 1782 4213 in

319 4271 435 4317 museo
451 4251 656 4318 Berolinensi
676 4265 852 4329 asservata,
875 4254 945 4338 ipse
964 4272 1070 4316 meum
1085 4253 1118 4316 in
1133 4274 1226 4318 usum
1241 4254 1436 4338 perlustrari
1451 4254 1610 4338 descripsi
1626 4252 1782 4336 excerpsi,

321 4374 459 4437 sperans
486 4360 596 4420 tamen
627 4355 697 4420 fore
728 4362 765 4420 ut
790 4355 867 4419 felix
894 4356 1041 4420 inventor
1069 4376 1165 4437 quam
1192 4357 1331 4440 primum
1357 4356 1429 4423 fieri
1455 4359 1577 4441 poterit
1604 4357 1674 4440 ipse
1704 4356 1783 4421 edat

321 4455 512 4539 publicique
533 4457 614 4521 iuris
636 4456 747 4522 faeiat.

410 4555 492 4624 Sero
515 4559 631 4625 adme
653 4566 819 4637 venerunt,
843 4565 878 4625 ut
900 4562 1027 4627 nonnisi
1050 4563 1082 4625 in
1110 4561 1250 4645 plagulis
1277 4563 1478 4645 corrigendis
1506 4562 1663 4628 adhibere
1690 4569 1782 4644 potu·

322 4659 418 4735 erim,
449 4659 588 4725 aliorum
619 4662 822 4745 quorundam
853 4664 948 4729 codd.
979 4685 1036 4729 ms.
1068 4665 1208 4747 paucula
1240 4664 1435 4749 fragmenta,
1469 4688 1552 4749 quae
1584 4665 1677 4730 cand.
1709 4665 1783 4728 min.

323 4762 374 4827 dr.
401 4760 478 4845 phil
501 4762 602 4847 Hugo
624 4764 809 4848 Duensing,
837 4766 1061 4850 theologorum
1088 4767 1253 4832 convictus
1276 4768 1338 4833 hac
1360 4769 1393 4832 in
1416 4766 1496 4832 urbe
1519 4768 1693 4852 inspector,
1716 4767 1783 4832 edi-

322 4871 418 4929 turus
445 4870 496 4930 est
517 4866 660 4950 mihique
682 4868 813 4932 interim
834 4874 871 4933 ut
893 4889 1100 4952 excerperem
1122 4869 1262 4952 henigne
1286 4871 1456 4936 concessit.
1501 4868 1567 4935 Sed
1590 4892 1663 4935 cum
1686 4868 1783 4952 plane

323 4988 365 5033 ex
388 4967 456 5032 eius
479 4970 678 5053 apographis
701 4970 885 5052 penderem,
908 4993 991 5053 quae
1007 4972 1164 5037 lectiones
1180 4972 1259 5037 mihi
1275 4974 1465 5039 incertiores
1480 4973 1530 5036 vel
1545 4973 1649 5038 minus
1664 4972 1784 5056 proba·

321 5069 408 5135 biles
435 5070 632 5138 ridebantur
654 5080 711 5137 aut
732 5095 865 5158 prorsus
889 5075 982 5138 omisi
1004 5080 1061 5138 aut
1083 5076 1260 5140 emendavi.
1304 5075 1384 5160 Ipsa
1407 5075 1555 5159 exempla
1578 5076 1658 5140 meis
1681 5075 1784 5140 oculis

320 5172 469 5239 lustrare
496 5195 561 5240 non
586 5175 718 5241 licebat.
766 5177 803 5243 Si
831 5176 917 5259 quod
946 5177 1138 5241 vocabulum
1166 5178 1324 5262 grauimn
1351 5179 1505 5243 momenti
1527 5184 1662 5261 propter
1685 5178 1784 5261 spatii

322 5277 497 5360 angustias
518 5278 619 5343 inseri
641 5301 706 5345 non
727 5285 866 5362 poterat,
888 5279 1049 5345 addendis
1071 5283 1243 5346 reservavi.

413 5377 619 5447 Christianos
641 5381 898 5466 palaestinenses
920 5387 1054 5464 praeter
1076 5382 1108 5449 S.
1132 5384 1165 5449 S.
1187 5383 1372 5448 litterarum
1394 5381 1511 5447 molem
1532 5383 1619 5447 haud
1643 5389 1784 5449 contem·
